@misc{infinicity,
  author =        {Stefan Greuter and Jeremy Parker and Nigel Stewart and Geoff Leach},
  title =      {Real\-time Procedural Generation of 'Pseudo Infinite' Cities},
  year =         {2005},
  address =      {Australia}
}

@MastersThesis{LandscapeGeneration,
  author =       {Hans Häggström},
  title =        {Real-time generation and rendering of realistic landscapes},
  school =  {University of Helsinki},
  year =         {2006},
  address =   {Finlândia}
}

@misc{SkyCastle,
    author = {Hans Häggström},
    title = {Skycastle - Free multiplayer game engine focusing on player creativity and world simulation},
    year = {2009},
    note = {Disponível em: <http://www.skycastle.org/>}
}

@techreport{LindaOndrej2007,
    author = {Ondrej Linda},
	institution = {Czech Technical University},
    title = {Generation of planetary models by means of fractal algorithms},
    year = {2007}
}

@misc{terrain_generation ,
    author = {Jacob Olsen},
	institution = {University of Southern Denmark},    
    title = {Realtime Synthesis of Eroded Fractal Terrain for Use in Computer Games},
    year = {2004}
}

@phdthesis{dollins-thesis,
    author = {Steven C. Dollins},
    title = {Modeling for the Plausible Emulation of Large Worlds},
    school = {Brown University},
    year = {2002},
	address =   {Estados Unidos da América}
}

@misc{dramatic_landscapes,
    author = {Adam Koh},
	institution = {Monash University},        
    title = {Dramatic Landscapes - Cellular Automata Modeling of Landscape Phenomena},
    year = {2002},
	address =   {Austrália}
}

@inproceedings{mountains.gi93,
    author = {Przemyslaw Prusinkiewicz and Mark Hammel},
    booktitle = {Proceeding of Graphics Interface ’93},
    title = {A Fractal Model of Mountains with Rivers},
    year = {1993}
}

@misc{p1463-ong,
    author = {Teong Joo Ong and Ryan Saunders and John Keyser and John J. Leggett},
    title = {Terrain Generation Using Genetic Algorithms},
    year = {2005}
}

@TechReport{terrenosFractais,
  author =       {Maurice Ribble},
  title =        {Using Various Techniques to Generate Height Maps used in Terrain Generation},
  year =         {2001},
}

@Misc{adVantageTerrain,
  author =        {Filip Strugar},
  title =      {AdVantage Terrain},
  year =         {2007},
  note =      {Available at: <http://www.advantageterrain.com/>}
}

@misc{wangHash,
  author =        {Thomas Wang},
  title =      {Integer hash function},
  year =         {2000},
  note =      {Available at: <http://www.concentric.net/~Ttwang/tech/inthash.htm>}
}

@inproceedings{CSHD03,
    author = {M. Cohen and J. Shade and S. Hiller and O. Deussen},
    booktitle = {Siggraph 03 Conference proceedings},
    title = {Wang tiles for image and texture generation},
    year = {2003}
}

@inproceedings{LN03,
  author =        {Sylvain Lefebvre and Fabrice Neyret},
  booktitle = {Proceedings of the 2003 symposium on Interactive 3D graphics},  
  title =      {Pattern based procedural textures},
  year =         {2003},
}

@Misc{PL90,
  author =        {Prusinkiewicz Przemyslaw and Aristid Lindenmayer},
  title =      {The Algorithmic Beauty of Plants},
  year =         {1990},
  note =      {Springer-Verlag}
}

@Misc{LD98,
  author =        {Bernd Lintermann and Oliver Deussen},
  title =      {A modelling method and user interface for creating plants},
  year =         {1998},
  note =      {Computer Graphics Forum}
}

@Misc{WP95,
  author =        {JasonWeber and Joseph Penn},
  title =      {Creation and rendering of realistic trees},
  year =         {1995},
}

@Misc{MusgraveErosao,
  author =        {F. Kenton Musgrave and Craig E. Kolb and Robert S. Mace},
  title =      {The Synthesis and Rendering of Eroded Fractal Terrains},
  year =         {1989},
  note =      {Computer Graphics, Volume 23, Number 3, July 1989, pages 41 to 50}
}

@comment{vindo de LandscapeGeneration}
@Misc{SurveyProcedural,
  author =        {George Kelly and Hugh McCabe},
  title =      {A Survey of Procedural Techniques for City Generation},
  year =         {2004}
}

@comment{LandscapeGeneration}
@inproceedings{Lew87,
  author =        {J. P. Lewis},
  booktitle = {ACM Transactions on Graphics},    
  title =      {Generalized stochastic subdivision},
  year =         {1987}
}

@comment{Michael F. Barnsley; Fractals Everywhere. Morgan Kaufman 1993., vindo de SurveyProcedural [9]}
@Misc{fractaisevery,
  author =        {Michael F. Barnsley},
  title =      {Fractals Everywhere},
  year =         {1993}
}

@comment{Web page about the Perlin Noise algorithm, URL: http://freespace.virgin.net/hugo.elias/models/m_perlin.htm.}
@Misc{perlinUrl ,
  author =        {Hugo Elias},
  title =      {Perlin Noise},
  year =         {2009},
  note =      {Disponível em: <http://freespace.virgin.net/hugo.elias/models/mperlin.htm>}
}

@Misc{torben,
  author =        {Torben Æ. Mogensen},
  title =      {Instant Planet Generator},
  year =         {2009},
  note =      {Disponível em: <http://www.eldritch.org/erskin/roleplaying/planet.php>}
}

@MastersThesis{vicioEstrutura,
  author =       {Neils L. Clark},
  title =        {Addiction and the Structural Characteristics of Massively Multiplayer Online Games},
  school =  {University of Hawai},
  year =         {2006},
  address =   {Hawai}
}

@Misc{Blizzard,
  author =        {{BLIZZARD ENTERTAINMENT}},
  title =      {World of Warcraft},
  year =         {2007},
  note =      {Disponível em: <http://www.blizzard.com>}
}

@Misc{EverQuest,
  author =        {{SONY ENTERTAINMENT}},
  title =      {EverQuest},
  year =         {2007},
  note =      {Disponível em: <http://everquest2.station.sony.com/>}
}

@Misc{onlineGaming,
  author =        {Mark D. Griffiths and Mark N.O. Davies and Darren Chappell},
  title =      {Breaking the Stereotype The Case of Online Gaming},
  year =         {2003}
}

@inproceedings{ducheneaut,
  author =        {Nicolas Ducheneaut and Nicholas Yee and Eric Nickell and Robert J. Moore},
  title =      {Alone Together Exploring the Social Dynamics of Massively Multiplayer Online Games},
  booktitle =      {CHI 2006 Proceedings},  
  year =         {2006}
}

@Misc{ulrich,
  author =        {Thatcher Ulrich},
  title =      {Chunked LOD: Rendering Massive Terrains using Chunked Level of Detail Control},
  year =         {2004},
  note = 		{Course at SIGGRAPH 02, http://www.tulrich.com/geekstuff/chunklod.html (01-07-2004)}
}

@comment{arrumar que é um jornal...}
@Misc{pozzer,
  author =        {Cesar Tadeu Pozzer and Marcelo Dreux and Bruno Feijó},
  title =      {A Real-Time Single-Pass Continuous LOD Algorithm for Regular Height Maps},
  year =         {2004}
}

@inproceedings{lod,
  author =        {Paul S. Heckbert and Michael Garland},
  title =      {Multiresolution Modeling for Fast Rendering},
  booktitle =      {Proceedings of Graphics Interface 94},  
  year =         {1994}
}